<collection xmlns="http://www.loc.gov/MARC21/slim">
<record>
  <leader>02617nam0a2200409 i 450 </leader>
  <controlfield tag="001">IT\ICCU\CNCE\041017</controlfield>
  <controlfield tag="005">20150427000000.0</controlfield>
  <datafield tag="012" ind1=" " ind2=" ">
    <subfield code="a">i-a- ua27 a.pe doma (3) 1590 (R)</subfield>
    <subfield code="2">fei</subfield>
  </datafield>
  <datafield tag="100" ind1=" " ind2=" ">
    <subfield code="a">19981120d1590        0itac0103    ba</subfield>
  </datafield>
  <datafield tag="101" ind1=" " ind2=" ">
    <subfield code="a">ITA</subfield>
  </datafield>
  <datafield tag="102" ind1=" " ind2=" ">
    <subfield code="a">IT</subfield>
  </datafield>
  <datafield tag="200" ind1="1" ind2=" ">
    <subfield code="a">Vita della beata Caterina Adorni da Genova. Con vn dialogo diuiso in dua capitoli, tra l&apos;anima, il corpo, l&apos;humanit,̉ l&apos;amor proprio, et il Signore, composto dalla medesima. Nuouamente con somma diligenza ricorretta, e ristampata</subfield>
  </datafield>
  <datafield tag="210" ind1=" " ind2=" ">
    <subfield code="a">In Venetia</subfield>
    <subfield code="c">presso Gio. Fiorina</subfield>
    <subfield code="d">1590</subfield>
    <subfield code="e">In Venetia</subfield>
    <subfield code="g">presso Gio. Battista Bonfadino</subfield>
    <subfield code="h">1590</subfield>
  </datafield>
  <datafield tag="215" ind1=" " ind2=" ">
    <subfield code="a">\16!, 395, \5! p.</subfield>
    <subfield code="c">ill.</subfield>
    <subfield code="d">8ʻ</subfield>
  </datafield>
  <datafield tag="300" ind1=" " ind2=" ">
    <subfield code="a">Per l&apos;autore cfr.: Dizionario biografico degli italiani, v. 22, p. 345</subfield>
  </datafield>
  <datafield tag="620" ind1=" " ind2=" ">
    <subfield code="a">IT</subfield>
    <subfield code="d">Venezia</subfield>
  </datafield>
  <datafield tag="700" ind1=" " ind2="1">
    <subfield code="a">Marabotto,</subfield>
    <subfield code="b">Cattaneo</subfield>
    <subfield code="3">IT\ICCU\CNCA\008543</subfield>
  </datafield>
  <datafield tag="702" ind1=" " ind2="0">
    <subfield code="a">Caterina</subfield>
    <subfield code="c"> : da#Genova</subfield>
    <subfield code="c"> &lt;santa&gt;</subfield>
    <subfield code="3">IT\ICCU\CNCA\011217</subfield>
  </datafield>
  <datafield tag="712" ind1="0" ind2="0">
    <subfield code="a">Fiorina, Giovanni</subfield>
    <subfield code="3">IT\ICCU\CNCT\000662</subfield>
    <subfield code="4">650</subfield>
  </datafield>
  <datafield tag="712" ind1="0" ind2="0">
    <subfield code="a">Bonfadino, Giovanni Battista</subfield>
    <subfield code="3">IT\ICCU\CNCT\000573</subfield>
    <subfield code="4">650</subfield>
  </datafield>
  <datafield tag="790" ind1=" " ind2="1">
    <subfield code="a">Fieschi,</subfield>
    <subfield code="b">Caterina</subfield>
    <subfield code="c"> &lt;santa&gt;</subfield>
    <subfield code="3">IT\ICCU\CNCA\026837</subfield>
    <subfield code="z">Caterina : da#Genova &lt;santa&gt;</subfield>
  </datafield>
  <datafield tag="790" ind1=" " ind2="1">
    <subfield code="a">Adorni,</subfield>
    <subfield code="b">Caterina</subfield>
    <subfield code="c"> &lt;santa&gt;</subfield>
    <subfield code="3">IT\ICCU\CNCA\026838</subfield>
    <subfield code="z">Caterina : da#Genova &lt;santa&gt;</subfield>
  </datafield>
  <datafield tag="790" ind1=" " ind2="1">
    <subfield code="a">Fieschi Adorni,</subfield>
    <subfield code="b">Caterina</subfield>
    <subfield code="c"> &lt;santa&gt;</subfield>
    <subfield code="3">IT\ICCU\CNCA\026844</subfield>
    <subfield code="z">Caterina : da#Genova &lt;santa&gt;</subfield>
  </datafield>
  <datafield tag="791" ind1="0" ind2="0">
    <subfield code="a">Florina, Ioannes</subfield>
    <subfield code="3">IT\ICCU\CNCT\003804</subfield>
    <subfield code="z">Fiorina, Giovanni</subfield>
  </datafield>
  <datafield tag="791" ind1="0" ind2="0">
    <subfield code="a">Bonfadius, Ioannes Baptista</subfield>
    <subfield code="3">IT\ICCU\CNCT\004727</subfield>
    <subfield code="z">Bonfadino, Giovanni Battista</subfield>
  </datafield>
  <datafield tag="791" ind1="0" ind2="0">
    <subfield code="a">Bonfadinus, Ioannes Baptista</subfield>
    <subfield code="3">IT\ICCU\CNCT\004728</subfield>
    <subfield code="z">Bonfadino, Giovanni Battista</subfield>
  </datafield>
  <datafield tag="791" ind1="0" ind2="0">
    <subfield code="a">Bonfadini, Giovanni Battista</subfield>
    <subfield code="3">IT\ICCU\CNCT\004730</subfield>
    <subfield code="z">Bonfadino, Giovanni Battista</subfield>
  </datafield>
  <datafield tag="801" ind1=" " ind2="3">
    <subfield code="a">IT</subfield>
    <subfield code="b">ICCU</subfield>
    <subfield code="c">20201114</subfield>
  </datafield>
  <datafield tag="899" ind1=" " ind2=" ">
    <subfield code="a">Biblioteca Apostolica Vaticana. Citt ̉del Vaticano</subfield>
    <subfield code="1">EX0001</subfield>
    <subfield code="2">ZCV 01</subfield>
  </datafield>
  <datafield tag="899" ind1=" " ind2=" ">
    <subfield code="a">Biblioteca provinciale dei Cappuccini liguri. Genova</subfield>
    <subfield code="z">MUTILO</subfield>
    <subfield code="1">GE0039</subfield>
    <subfield code="2">LIG 27</subfield>
  </datafield>
  <datafield tag="899" ind1=" " ind2=" ">
    <subfield code="a">Biblioteca nazionale centrale. Roma</subfield>
    <subfield code="1">RM0267</subfield>
    <subfield code="2">BVE CR</subfield>
  </datafield>
  <datafield tag="899" ind1=" " ind2=" ">
    <subfield code="a">Biblioteca S. Alfonso. Pagani</subfield>
    <subfield code="1">SA0042</subfield>
    <subfield code="2">CAM AL</subfield>
  </datafield>
  <datafield tag="899" ind1=" " ind2=" ">
    <subfield code="a">Biblioteca comunale. Terni</subfield>
    <subfield code="1">TR0032</subfield>
    <subfield code="2">UM1 09</subfield>
  </datafield>
  <datafield tag="911" ind1=" " ind2=" ">
    <subfield code="a">Sul front.</subfield>
    <subfield code="9">IT\ICCU\CNCM\000519</subfield>
  </datafield>
  <datafield tag="911" ind1=" " ind2=" ">
    <subfield code="a">A c. 2B7v.</subfield>
    <subfield code="9">IT\ICCU\CNCM\000326</subfield>
  </datafield>
  <datafield tag="921" ind1=" " ind2=" ">
    <subfield code="a">IT\ICCU\CNCM\000519</subfield>
    <subfield code="b">Flora sospinta dal Vento, nell&apos;angolo destro, tiene con la mano destra un ramo e con la sinistra sparge fiori e semi. Nella vita un nastro con scritto: Flora</subfield>
    <subfield code="c">V350</subfield>
    <subfield code="c">Z557</subfield>
    <subfield code="d">Dimensioni: 5 x 5</subfield>
    <subfield code="f">DONNA</subfield>
    <subfield code="f">FIORI</subfield>
    <subfield code="f">FLORA</subfield>
    <subfield code="f">PETALI</subfield>
    <subfield code="g">1590-1592</subfield>
  </datafield>
  <datafield tag="921" ind1=" " ind2=" ">
    <subfield code="a">IT\ICCU\CNCM\000326</subfield>
    <subfield code="b">Adamo ed Eva accanto all&apos;albero su cui si attorciglia il serpente.</subfield>
    <subfield code="e">De hoc stipite omnes</subfield>
    <subfield code="c">V293</subfield>
    <subfield code="c">Z3</subfield>
    <subfield code="d">Dimensioni: 5,5 x 5,7</subfield>
    <subfield code="f">ADAMO</subfield>
    <subfield code="f">EVA</subfield>
    <subfield code="f">ALBERO</subfield>
    <subfield code="f">SERPENTE</subfield>
    <subfield code="g">1586-1599</subfield>
  </datafield>
</record>
</collection>
